<record><leader>00000cas a2200000 a 4500</leader><controlfield tag="001">11163036</controlfield><controlfield tag="008">840917d19841988mnuen ne      0   a0eng d</controlfield><datafield ind1=" " ind2=" " tag="010"><subfield code="a">sn 85000256 </subfield></datafield><datafield ind1=" " ind2=" " tag="040"><subfield code="a">WMM</subfield><subfield code="b">eng</subfield><subfield code="c">WMM</subfield><subfield code="d">NSD</subfield><subfield code="d">MN#</subfield><subfield code="d">OCL</subfield><subfield code="d">OCLCQ</subfield><subfield code="d">OCLCF</subfield><subfield code="d">OCLCO</subfield></datafield><datafield ind1=" " ind2=" " tag="012"><subfield code="j">0</subfield><subfield code="l">1</subfield><subfield code="m">X</subfield></datafield><datafield ind1="0" ind2=" " tag="022"><subfield code="a">8750-6165</subfield><subfield code="l">8750-6165</subfield><subfield code="2">1</subfield></datafield><datafield ind1="1" ind2=" " tag="029"><subfield code="a">AU@</subfield><subfield code="b">000020349083</subfield></datafield><datafield ind1=" " ind2=" " tag="032"><subfield code="a">190580</subfield><subfield code="b">USPS</subfield></datafield><datafield ind1=" " ind2=" " tag="037"><subfield code="b">Finance and Commerce, P.O. Box 15045, Minneapolis, MN 55415</subfield></datafield><datafield ind1=" " ind2=" " tag="042"><subfield code="a">nsdp</subfield></datafield><datafield ind1=" " ind2=" " tag="043"><subfield code="a">n-us-mn</subfield></datafield><datafield ind1=" " ind2=" " tag="052"><subfield code="a">4144</subfield><subfield code="b">M5</subfield></datafield><datafield ind1="1" ind2=" " tag="082"><subfield code="a">340</subfield><subfield code="2">11</subfield></datafield><datafield ind1="0" ind2=" " tag="130"><subfield code="a">Finance and commerce (Minneapolis, Minn. : Criminal/tax appellate ed.)</subfield></datafield><datafield ind1=" " ind2="0" tag="222"><subfield code="a">Finance and commerce</subfield><subfield code="b">(Criminal/tax appellate ed.)</subfield></datafield><datafield ind1="1" ind2="0" tag="245"><subfield code="a">Finance and commerce.</subfield></datafield><datafield ind1=" " ind2=" " tag="250"><subfield code="a">Criminal/tax appellate ed.</subfield></datafield><datafield ind1=" " ind2=" " tag="260"><subfield code="a">Minneapolis, Minn. :</subfield><subfield code="b">Credit Pub. Co.,</subfield><subfield code="c">-1988.</subfield></datafield><datafield ind1=" " ind2=" " tag="300"><subfield code="a">v. ;</subfield><subfield code="c">42 cm.</subfield></datafield><datafield ind1=" " ind2=" " tag="310"><subfield code="a">Biweekly during terms of Criminal-Tax Appeals Courts</subfield></datafield><datafield ind1="1" ind2=" " tag="362"><subfield code="a">Began in 1984?</subfield></datafield><datafield ind1="0" ind2=" " tag="362"><subfield code="a">-[100th year], no. 252 (Sept. 29, 1988).</subfield></datafield><datafield ind1=" " ind2=" " tag="500"><subfield code="a">"An Appellate courts opinions edition of the daily business newspaper, covering all criminal opinions of the Minnesota Supreme Court and Minnesota Court of Appeals and opinions of the Minnesota Tax Court."</subfield></datafield><datafield ind1=" " ind2=" " tag="515"><subfield code="a">Numbering irregular.</subfield></datafield><datafield ind1=" " ind2=" " tag="530"><subfield code="a">Available on microfilm from the Minnesota Historical Society.</subfield></datafield><datafield ind1=" " ind2=" " tag="588"><subfield code="a">Description based on: 92nd year (Aug. 9, 1984).</subfield></datafield><datafield ind1="1" ind2="0" tag="610"><subfield code="a">Minnesota.</subfield><subfield code="b">Supreme Court</subfield><subfield code="v">Periodicals.</subfield></datafield><datafield ind1="1" ind2="0" tag="610"><subfield code="a">Minnesota.</subfield><subfield code="b">Court of Appeals</subfield><subfield code="v">Periodicals.</subfield></datafield><datafield ind1="1" ind2="0" tag="610"><subfield code="a">Minnesota.</subfield><subfield code="b">Tax Court</subfield><subfield code="v">Periodicals.</subfield></datafield><datafield ind1=" " ind2="0" tag="650"><subfield code="a">Criminal law</subfield><subfield code="z">Minnesota</subfield><subfield code="v">Cases.</subfield></datafield><datafield ind1=" " ind2="0" tag="650"><subfield code="a">Taxation</subfield><subfield code="x">Law and legislation</subfield><subfield code="z">Minnesota</subfield><subfield code="v">Periodicals.</subfield></datafield><datafield ind1=" " ind2="7" tag="655"><subfield code="a">Periodicals.</subfield><subfield code="2">fast</subfield><subfield code="0">(OCoLC)fst01411641</subfield></datafield><datafield ind1=" " ind2="7" tag="655"><subfield code="a">Trials, litigation, etc.</subfield><subfield code="2">fast</subfield><subfield code="0">(OCoLC)fst01423712</subfield></datafield><datafield ind1="1" ind2="7" tag="610"><subfield code="a">Minnesota.</subfield><subfield code="b">Court of Appeals.</subfield><subfield code="2">fast</subfield><subfield code="0">(OCoLC)fst00637465</subfield></datafield><datafield ind1="1" ind2="7" tag="610"><subfield code="a">Minnesota.</subfield><subfield code="b">Supreme Court.</subfield><subfield code="2">fast</subfield><subfield code="0">(OCoLC)fst00540025</subfield></datafield><datafield ind1="1" ind2="7" tag="610"><subfield code="a">Minnesota.</subfield><subfield code="b">Tax Court.</subfield><subfield code="2">fast</subfield><subfield code="0">(OCoLC)fst00547794</subfield></datafield><datafield ind1=" " ind2="7" tag="650"><subfield code="a">Criminal law.</subfield><subfield code="2">fast</subfield><subfield code="0">(OCoLC)fst00883328</subfield></datafield><datafield ind1=" " ind2="7" tag="650"><subfield code="a">Taxation</subfield><subfield code="x">Law and legislation.</subfield><subfield code="2">fast</subfield><subfield code="0">(OCoLC)fst01143921</subfield></datafield><datafield ind1=" " ind2="7" tag="651"><subfield code="a">Minnesota.</subfield><subfield code="2">fast</subfield><subfield code="0">(OCoLC)fst01204560</subfield></datafield><datafield ind1=" " ind2=" " tag="752"><subfield code="a">United States</subfield><subfield code="b">Minnesota</subfield><subfield code="c">Hennepin</subfield><subfield code="d">Minneapolis.</subfield></datafield><datafield ind1="0" ind2=" " tag="775"><subfield code="t">Finance and commerce (Minneapolis, Minn. : Civil appellate ed.)</subfield><subfield code="x">8750-6157</subfield><subfield code="w">(DLC)sn 85000257</subfield><subfield code="w">(OCoLC)11591794</subfield></datafield><datafield ind1="0" ind2=" " tag="775"><subfield code="t">Finance and commerce (Minneapolis, Minn.)</subfield><subfield code="w">(DLC)sn 85000255</subfield></datafield><datafield ind1="0" ind2="7" tag="785"><subfield code="t">Finance and commerce (Minneapolis, Minn. : Civil appellate ed.)</subfield><subfield code="w">(DLC)sn 85000257</subfield></datafield><datafield ind1="0" ind2="7" tag="785"><subfield code="t">Finance and commerce (Minneapolis, Minn. : Appeals Court ed.)</subfield><subfield code="w">(DLC)sn 90059963</subfield></datafield><datafield ind1=" " ind2=" " tag="936"><subfield code="a">Thursday, May 29, 1986 (LIC)</subfield></datafield></record>